@Manual{R,
  title = {R: A Language and Environment for Statistical Computing},
  author = {{R Core Team}},
  organization = {R Foundation for Statistical Computing},
  address = {Vienna, Austria},
  year = {2012},
  note = {{ISBN} 3-900051-07-0},
  url = {http://www.R-project.org/},
}

@article{legin_evaluation_2003,
	title = {Evaluation of {Italian} wine by the electronic tongue: recognition, quantitative analysis and correlation with human sensory perception},
	volume = {484},
	issn = {00032670},
	shorttitle = {Evaluation of {Italian} wine by the electronic tongue},
	url = {http://linkinghub.elsevier.com/retrieve/pii/S0003267003003015},
	doi = {10.1016/S0003-2670(03)00301-5},
	language = {en},
	number = {1},
	urldate = {2018-08-06TZ},
	journal = {Analytica Chimica Acta},
	author = {Legin, A. and Rudnitskaya, A. and Lvova, L. and Vlasov, Yu. and Di Natale, C. and D’Amico, A.},
	month = may,
	year = {2003},
	pages = {33--44}
}

@article{CorCer09,
	Author = {P. Cortez and A. Cerdeira and F. Almeida and T. Matos and J. Reis},
	Journal = {Decision Support Systems},
	Number = {4},
	Pages = {547-553},
	Title = {{Modeling wine preferences by data mining from physicochemical properties}},
	Volume = {47},
	Year = {1998}
}

@misc{WineDataset,
	title = {Uci machine learning repository: wine quality data set},
	author = {{UCI Wine Data Set}},
	url = {http://archive.ics.uci.edu/ml/datasets/Wine+Quality},
	urldate = {2018-08-06TZ}
}

@misc{faostat,
	title = {Faostat},
	url = {http://faostat.fao.org/site/535/DesktopDefault.aspx?PageID=535},
	author = {{FAOSTAT}},
	urldate = {2018-08-06TZ}
}

@book{teranishi_flavor_1999,
	address = {New York},
	title = {Flavor chemistry: thirty years of progress},
	isbn = {9780306461996},
	shorttitle = {Flavor chemistry},
	publisher = {Kluwer Academic/Plenum Publishers},
	editor = {Teranishi, Roy and Wick, Emily L. and Hornstein, Irwin},
	year = {1999},
	keywords = {Flavor, Congresses, Food, Odor, Congresses, Flavoring essences, Congresses}
}
@book{witten_data_2011,
	address = {Burlington, MA},
	edition = {3rd ed},
	series = {Morgan {Kaufmann} series in data management systems},
	title = {Data mining: practical machine learning tools and techniques},
	isbn = {9780123748560},
	shorttitle = {Data mining},
	publisher = {Morgan Kaufmann},
	author = {Witten, I. H. and Frank, Eibe and Hall, Mark A.},
	year = {2011},
	note = {OCLC: ocn262433473},
	keywords = {Data mining}
}

@inproceedings { zupan1997machine,
  author = "Blaz Zupan and Marko Bohanec and Ivan Bratko and Janez Demsar",
  title = "Machine Learning by Function Decomposition",
  pages = "1",
  year = "1997",
  booktitle = "ICML",
}

@article{pena_global_2006,
	title = {Global validation of linear model assumptions},
	volume = {101},
	issn = {0162-1459, 1537-274X},
	url = {http://www.tandfonline.com/doi/abs/10.1198/016214505000000637},
	doi = {10.1198/016214505000000637},
	language = {en},
	number = {473},
	urldate = {2018-08-07TZ},
	journal = {Journal of the American Statistical Association},
	author = {Peña, Edsel A and Slate, Elizabeth H},
	month = mar,
	year = {2006},
	pages = {341--354}
}

@inproceedings { olave1989application,
  author = "M Olave and V Rajkovic and M Bohanec",
  title = "An application for admission in public school systems",
  pages = "145--160",
  year = "1989",
  booktitle = "Expert Systems in Public Administration,",
}

@article{ihaka:1996,
  Author = {Ihaka, Ross and Gentleman, Robert},
	Journal = {Journal of Computational and Graphical Statistics},
	Number = 3,
	Pages = {299--314},
	Title = {R: A Language for Data Analysis and Graphics},
	Volume = 5,
	Year = 1996}

@Article{R-Amelia,
  title = {{Amelia II}: A Program for Missing Data},
  author = {James Honaker and Gary King and Matthew Blackwell},
  journal = {Journal of Statistical Software},
  year = {2011},
  volume = {45},
  number = {7},
  pages = {1--47},
  url = {http://www.jstatsoft.org/v45/i07/},
}
@Manual{R-base,
  title = {R: A Language and Environment for Statistical Computing},
  author = {{R Core Team}},
  organization = {R Foundation for Statistical Computing},
  address = {Vienna, Austria},
  year = {2018},
  url = {https://www.R-project.org/},
}
@misc{noauthor_how_2017,
	title = {How to handle {Imbalanced} {Classification} {Problems} in machine learning?},
	author = {{Imbalanced Classification Problems}},
	url = {https://www.analyticsvidhya.com/blog/2017/03/imbalanced-classification-problem/},
	abstract = {Guide explaining various ways to handle imbalanced classification problem in machine learning. This includes over sampling, undersampling and boosting},
	urldate = {2018-07-22TZ},
	month = mar,
	year = {2017}
}
@misc{noauthor_introductory_2018,
	title = {An introductory guide to maximum likelihood estimation({With} a case study in r)},
	url = {https://www.analyticsvidhya.com/blog/2018/07/introductory-guide-maximum-likelihood-estimation-case-study-r/},
	abstract = {This article covers the topic of Maximum Likelihood Estimation (MLE) - how to derive it, where it can be used, and a case study to solidify the concept in R.},
	urldate = {2018-07-22TZ},
	month = jul,
	year = {2018}
}
@Manual{R-caret,
  title = {caret: Classification and Regression Training},
  author = {Max Kuhn. Contributions from Jed Wing and Steve Weston and Andre Williams and Chris Keefer and Allan Engelhardt and Tony Cooper and Zachary Mayer and Brenton Kenkel and the R Core Team and Michael Benesty and Reynald Lescarbeau and Andrew Ziem and Luca Scrucca and Yuan Tang and Can Candan and Tyler Hunt.},
  year = {2018},
  note = {R package version 6.0-80},
  url = {https://CRAN.R-project.org/package=caret},
}
@Manual{R-dplyr,
  title = {dplyr: A Grammar of Data Manipulation},
  author = {Hadley Wickham and Romain François and Lionel Henry and Kirill Müller},
  year = {2018},
  note = {R package version 0.7.5},
  url = {https://CRAN.R-project.org/package=dplyr},
}
@Book{R-ggplot2,
  author = {Hadley Wickham},
  title = {ggplot2: Elegant Graphics for Data Analysis},
  publisher = {Springer-Verlag New York},
  year = {2009},
  isbn = {978-0-387-98140-6},
  url = {http://ggplot2.org},
}
@Book{R-lattice,
  title = {Lattice: Multivariate Data Visualization with R},
  author = {Deepayan Sarkar},
  publisher = {Springer},
  address = {New York},
  year = {2008},
  note = {ISBN 978-0-387-75968-5},
  url = {http://lmdvr.r-forge.r-project.org},
}
@Manual{R-papaja,
  author = {Frederik Aust and Marius Barth},
  title = {{papaja}: {Create} {APA} manuscripts with {R Markdown}},
  year = {2018},
  note = {R package version 0.1.0.9709},
  url = {https://github.com/crsh/papaja},
}
@Article{R-randomForest,
  title = {Classification and Regression by randomForest},
  author = {Andy Liaw and Matthew Wiener},
  journal = {R News},
  year = {2002},
  volume = {2},
  number = {3},
  pages = {18-22},
  url = {https://CRAN.R-project.org/doc/Rnews/},
}
@Book{R-rattle,
  title = {Data Mining with {Rattle} and {R}: The art of excavating data for knowledge discovery},
  author = {Graham J. Williams},
  publisher = {Springer},
  series = {Use R!},
  year = {2011},
  url = {http://www.amazon.com/gp/product/1441998896/ref=as_li_qf_sp_asin_tl?ie=UTF8&tag=togaware-20&linkCode=as2&camp=217145&creative=399373&creativeASIN=1441998896},
}
@Manual{R-RColorBrewer,
  title = {RColorBrewer: ColorBrewer Palettes},
  author = {Erich Neuwirth},
  year = {2014},
  note = {R package version 1.1-2},
  url = {https://CRAN.R-project.org/package=RColorBrewer},
}
@Article{R-Rcpp_a,
  title = {{Rcpp}: Seamless {R} and {C++} Integration},
  author = {Dirk Eddelbuettel and Romain Fran\c{c}ois},
  journal = {Journal of Statistical Software},
  year = {2011},
  volume = {40},
  number = {8},
  pages = {1--18},
  url = {http://www.jstatsoft.org/v40/i08/},
  doi = {10.18637/jss.v040.i08},
}
@Article{R-Rcpp_b,
  title = {{Extending 	extit{R} with 	extit{C++}: A Brief Introduction to 	extit{Rcpp}}},
  author = {Dirk Eddelbuettel and James Joseph Balamuta},
  journal = {PeerJ Preprints},
  year = {2017},
  month = {aug},
  volume = {5},
  pages = {e3188v1},
  issn = {2167-9843},
  url = {https://doi.org/10.7287/peerj.preprints.3188v1},
  doi = {10.7287/peerj.preprints.3188v1},
}
@Manual{R-readr,
  title = {readr: Read Rectangular Text Data},
  author = {Hadley Wickham and Jim Hester and Romain Francois},
  year = {2017},
  note = {R package version 1.1.1},
  url = {https://CRAN.R-project.org/package=readr},
}
@Manual{R-rpart,
  title = {rpart: Recursive Partitioning and Regression Trees},
  author = {Terry Therneau and Beth Atkinson},
  year = {2018},
  note = {R package version 4.1-13},
  url = {https://CRAN.R-project.org/package=rpart},
}
@Manual{R-rpart.plot,
  title = {rpart.plot: Plot 'rpart' Models: An Enhanced Version of 'plot.rpart'},
  author = {Stephen Milborrow},
  year = {2018},
  note = {R package version 2.2.0},
  url = {https://CRAN.R-project.org/package=rpart.plot},
}
@Manual{R-shiny,
  title = {shiny: Web Application Framework for R},
  author = {Winston Chang and Joe Cheng and JJ Allaire and Yihui Xie and Jonathan McPherson},
  year = {2018},
  note = {R package version 1.1.0},
  url = {https://CRAN.R-project.org/package=shiny},
}
@Manual{R-xtable,
  title = {xtable: Export Tables to LaTeX or HTML},
  author = {David B. Dahl},
  year = {2016},
  note = {R package version 1.8-2},
  url = {https://CRAN.R-project.org/package=xtable},
}
